% Encoding: UTF-8

@Article{journal_paper,
  author  = {Jay Kay Author},
  title   = {Name of Paper},
  journal = {Abbrev. Title of Periodical},
  year    = {year},
  volume  = {x},
  number  = {x},
  pages   = {x-x},
  month   = {Abbrev. Month},
}

@Book{book,
  title     = {Title of Book},
  publisher = {Abbrev. of Publisher},
  year      = {year},
  author    = {Jay Kay Author},
  address   = {City of Publisher, Country},
}

@InProceedings{conf_paper,
  author    = {Jay Kay Author},
  title     = {Title of Paper},
  booktitle = {Unabbreviated Name of Conf.},
  year      = {year},
  pages     = {x-x},
  address   = {City of Conf, Abbrev. State (if given)},
}

@MastersThesis{thesis,
  author  = {Jay Kay Author},
  title   = {Title of Thesis},
  school  = {Abbrev. Dept., Abbrev. Univ.},
  year    = {year},
  type    = {M.S. thesis},
  address = {City of Univ., Abbrev. State},
}

@Standard{standard,
  title  = {Title of Standard},
  number = {number},
  year   = {date},
}

@Electronic{electronic,
  author = {Jay Kay Author},
  month  = {month},
  year   = {year},
  title  = {Title},
  url    = {http://www.(URL)},
}

@IEEEtranBSTCTL{IEEEexample:BSTcontrol,
  ctluse_forced_etal       = {yes},
  ctlmax_names_forced_etal = {6},
  ctlnames_show_etal       = {1},
  ctldash_repeated_names   = {no},
}

@Comment{jabref-meta: databaseType:bibtex;}
